<collection xmlns="http://www.loc.gov/MARC21/slim"><record><leader>01046nam  2200325   450</leader><controlfield tag="001">971</controlfield><controlfield tag="003">http://montalegre.opacnet.com/OPAC/default.aspx?ContentAreaControl=ShowRegHoldings.ascx&amp;RegNo=16662</controlfield><controlfield tag="005">20</controlfield><datafield tag="010" ind1=" " ind2=" "><subfield code="a">972-23-2858-1</subfield></datafield><datafield tag="021" ind1=" " ind2=" "><subfield code="a">PT</subfield><subfield code="b">189912/03</subfield></datafield><datafield tag="100" ind1=" " ind2=" "><subfield code="a">20030703d2003    m  y0pory0103    ba</subfield></datafield><datafield tag="101" ind1="1" ind2=" "><subfield code="a">por</subfield><subfield code="c">eng</subfield></datafield><datafield tag="102" ind1=" " ind2=" "><subfield code="a">PT</subfield></datafield><datafield tag="105" ind1=" " ind2=" "><subfield code="a">y   z   001yy</subfield></datafield><datafield tag="106" ind1=" " ind2=" "><subfield code="a">r</subfield></datafield><datafield tag="200" ind1="1" ind2=" "><subfield code="a">Mais Platão, menos Prozac!</subfield><subfield code="f">Lou Marinoff</subfield><subfield code="g">trad. Saul Barata</subfield></datafield><datafield tag="205" ind1=" " ind2=" "><subfield code="a">4ª ed</subfield></datafield><datafield tag="210" ind1=" " ind2=" "><subfield code="a">Queluz de Baixo</subfield><subfield code="c">Presença</subfield><subfield code="d">2003</subfield></datafield><datafield tag="215" ind1=" " ind2=" "><subfield code="a">313, [2] p.</subfield><subfield code="d">23 cm</subfield></datafield><datafield tag="225" ind1="2" ind2=" "><subfield code="a">Destaques</subfield><subfield code="v">25</subfield></datafield><datafield tag="304" ind1=" " ind2=" "><subfield code="a">Tít. orig.: Plato, not Prozac! applying eternal wisdom to everday problems</subfield></datafield><datafield tag="675" ind1=" " ind2=" "><subfield code="a">101</subfield><subfield code="3">299170</subfield></datafield><datafield tag="675" ind1=" " ind2=" "><subfield code="a">316.47</subfield><subfield code="v">BN</subfield><subfield code="z">por</subfield><subfield code="3">574843</subfield></datafield><datafield tag="675" ind1=" " ind2=" "><subfield code="a">615.85</subfield><subfield code="v">BN</subfield><subfield code="z">por</subfield><subfield code="3">296556</subfield></datafield><datafield tag="675" ind1=" " ind2=" "><subfield code="a">17</subfield><subfield code="v">BN</subfield><subfield code="z">por</subfield><subfield code="3">288014</subfield></datafield><datafield tag="700" ind1=" " ind2="1"><subfield code="a">Marinoff</subfield><subfield code="b">Lou</subfield><subfield code="3">1057310</subfield></datafield><datafield tag="702" ind1=" " ind2="1"><subfield code="a">Barata</subfield><subfield code="b">Saúl</subfield><subfield code="4">730</subfield><subfield code="3">70242</subfield></datafield><datafield tag="801" ind1=" " ind2="0"><subfield code="a">PT</subfield><subfield code="b">Biblioteca Municipal de Montalegre</subfield><subfield code="g">RPC</subfield></datafield><datafield tag="856" ind1=" " ind2=" "><subfield code="u">locateMedia.asp?cod=20060704154927&amp;ext=jpg</subfield><subfield code="z">CAPA</subfield></datafield><datafield tag="909" ind1="&#9;" ind2=" "><subfield code="a">2</subfield></datafield><datafield tag="966" ind1=" " ind2=" "><subfield code="a">0015714</subfield><subfield code="l">BMM</subfield><subfield code="s">SCG 159.9 MAR main 25</subfield></datafield><datafield tag="966" ind1=" " ind2=" "><subfield code="a">1102578</subfield><subfield code="l">BEBB</subfield><subfield code="s">BEBB 1 MAR</subfield></datafield></record></collection>